@misc{docker,
  author       = {Docker Inc.},
  title        = {Docker - Containerization Platform},
  year         = {2024},
  url          = {https://www.docker.com},
  note         = {Purpose: used for containerization and application deployment},
  keywords     = {usedtools}
}

@misc{dockerdesktop,
  author       = {Docker Inc.},
  title        = {Docker Desktop - GUI for Docker Management},
  year         = {2024},
  url          = {https://www.docker.com/products/docker-desktop},
  note         = {Purpose: used for managing Docker containers on Windows and macOS},
  keywords     = {usedtools}
}

@misc{dockerfile,
  author       = {Docker Inc.},
  title        = {Dockerfile - Build Automation for Containers},
  year         = {2024},
  url          = {https://docs.docker.com/engine/reference/builder/},
  note         = {Purpose: used to define containerized application environments},
  keywords     = {usedtools}
}


@misc{dockerimage,
  author       = {Docker Inc.},
  title        = {Docker Image - Portable Application Packaging},
  year         = {2024},
  url          = {https://docs.docker.com/get-started/images/},
  note         = {Purpose: used to create and distribute portable application environments},
  keywords     = {usedtools}
}
@misc{dockercompose,
  author       = {Docker Inc.},
  title        = {Docker Compose - Multi-Container Orchestration},
  year         = {2024},
  url          = {https://docs.docker.com/compose/},
  note         = {Purpose: used to manage multi-container Docker applications},
  keywords     = {usedtools}
}

@misc{wsl2,
  author       = {Microsoft Corporation},
  title        = {WSL 2 - Windows Subsystem for Linux 2},
  year         = {2024},
  url          = {https://learn.microsoft.com/en-us/windows/wsl/},
  note         = {Purpose: used to run Linux distributions on Windows for development},
  keywords     = {usedtools}
}

@misc{nodejs,
  author       = {OpenJS Foundation},
  title        = {Node.js - JavaScript Runtime},
  year         = {2024},
  url          = {https://nodejs.org},
  note         = {Purpose: used for backend development and server-side scripting},
  keywords     = {usedtools}
}

@misc{npm,
  author       = {OpenJS Foundation},
  title        = {NPM - Node Package Manager},
  year         = {2024},
  url          = {https://www.npmjs.com},
  note         = {Purpose: used for managing JavaScript packages and dependencies},
  keywords     = {usedtools}
}


@misc{androidstudio,
  author       = {Google LLC},
  title        = {Android Studio - Official IDE for Android Development},
  year         = {2024},
  url          = {https://developer.android.com/studio},
  note         = {Purpose: used for developing and testing Android applications},
  keywords     = {usedtools}
}

@misc{android,
  author       = {Google LLC},
  title        = {Android - Mobile Operating System},
  year         = {2024},
  url          = {https://www.android.com},
  note         = {Purpose: used as the target platform for mobile application development},
  keywords     = {usedtools}
}

@misc{smtpserver,
  author       = {Various Providers},
  title        = {SMTP Server - Simple Mail Transfer Protocol},
  year         = {2024},
  url          = {https://en.wikipedia.org/wiki/Simple_Mail_Transfer_Protocol},
  note         = {Purpose: used for sending and relaying emails in applications},
  keywords     = {usedtools}
}

@misc{adminer,
  author       = {Jakub Vr√°na},
  title        = {Adminer - Database Management Tool},
  year         = {2024},
  url          = {https://www.adminer.org},
  note         = {Purpose: used for managing databases via a lightweight web interface},
  keywords     = {usedtools}
}

