@article{720574,
  author={IEEE},
  journal={IEEE Std 830-1998}, 
  title={IEEE Recommended Practice for Software Requirements Specifications}, 
  year={1998},
  pages={1-40},
  doi={10.1109/IEEESTD.1998.88286},
  keywords      = {}}

@misc{alloy_guide,
  author       = {Alloy Team},
  title        = {Alloy Analyzer Documentation},
  year         = {2024},
  url          = {https://alloy.readthedocs.io/en/latest/},
  note         = {},
  keywords      = {}
}


@misc{lucidchart,
  author       = {Lucid Software Inc.},
  title        = {Lucidchart - Online Diagram Software},
  year         = {2024},
  url          = {https://www.lucidchart.com},
  note         = {Purpose: used to realize all the diagrams along the documents},
  keywords      = {tools}
}

@misc{mermaid,
  author       = {MermaidJS},
  title        = {Mermaid - Markdownish Syntax for Generating Diagrams and Flowcharts},
  year         = {2024},
  url          = {https://mermaid-js.github.io/},
  note         = {Purpose: Used for generating diagrams and flowcharts directly from text or markdown-like syntax.},
  keywords      = {tools}
}


@misc{react,
  author       = {Meta (Facebook Inc.)},
  title        = {React - A JavaScript Library for Building User Interfaces},
  year         = {2024},
  url          = {https://reactjs.org},
  note         = {Purpose: used to create the UI prototype},
  keywords      = {tools}

}

@misc{materialui,
  author       = {MUI Team},
  title        = {Material-UI: React Components for Faster and Easier Web Development},
  year         = {2024},
  url          = {https://mui.com},
  note         = {Purpose: used to create the UI prototype},
  keywords      = {tools}
}


